<marcxml:record xmlns:marcxml="http://www.loc.gov/MARC21/slim" xmlns:mets="http://www.loc.gov/METS/" xmlns:bf="http://id.loc.gov/ontologies/bibframe/" xmlns:bflc="http://id.loc.gov/ontologies/bflc/" xmlns:madsrdf="http://www.loc.gov/mads/rdf/v1#" xmlns:rdf="http://www.w3.org/1999/02/22-rdf-syntax-ns#" xmlns:ri="http://id.loc.gov/ontologies/RecordInfo#" xmlns:idx="info:lc/xq-modules/lcindex" xmlns:semtriples="http://marklogic.com/semantic" xmlns:xsi="http://www.w3.org/2001/XMLSchema-instance" xmlns:xlink="http://www.w3.org/1999/xlink" xmlns:streams="info:lc/streams#">
  <marcxml:leader>03567cam a2200589 i 4500</marcxml:leader>
  <marcxml:controlfield tag="001">19393670</marcxml:controlfield>
  <marcxml:controlfield tag="005">20180427073218.0</marcxml:controlfield>
  <marcxml:controlfield tag="008">161202s2017    nyua     6    000 0beng d</marcxml:controlfield>
  <marcxml:datafield tag="906" ind1=" " ind2=" ">
    <marcxml:subfield code="a">7</marcxml:subfield>
    <marcxml:subfield code="b">cbc</marcxml:subfield>
    <marcxml:subfield code="c">copycat</marcxml:subfield>
    <marcxml:subfield code="d">2</marcxml:subfield>
    <marcxml:subfield code="e">ncip</marcxml:subfield>
    <marcxml:subfield code="f">20</marcxml:subfield>
    <marcxml:subfield code="g">y-gencatlg</marcxml:subfield>
  </marcxml:datafield>
  <marcxml:datafield tag="925" ind1="0" ind2=" ">
    <marcxml:subfield code="a">acquire</marcxml:subfield>
    <marcxml:subfield code="b">1 shelf copy</marcxml:subfield>
    <marcxml:subfield code="x">policy default</marcxml:subfield>
  </marcxml:datafield>
  <marcxml:datafield tag="955" ind1=" " ind2=" ">
    <marcxml:subfield code="b">rm04 2018-04-24 z-processor</marcxml:subfield>
    <marcxml:subfield code="i">rm04 2018-04-27 to Dewey</marcxml:subfield>
  </marcxml:datafield>
  <marcxml:datafield tag="010" ind1=" " ind2=" ">
    <marcxml:subfield code="a">  2016961544</marcxml:subfield>
  </marcxml:datafield>
  <marcxml:datafield tag="015" ind1=" " ind2=" ">
    <marcxml:subfield code="a">GBB7B3928</marcxml:subfield>
    <marcxml:subfield code="2">bnb</marcxml:subfield>
  </marcxml:datafield>
  <marcxml:datafield tag="020" ind1=" " ind2=" ">
    <marcxml:subfield code="a">9781626726765</marcxml:subfield>
    <marcxml:subfield code="q">(hardcover)</marcxml:subfield>
  </marcxml:datafield>
  <marcxml:datafield tag="020" ind1=" " ind2=" ">
    <marcxml:subfield code="a">1626726760</marcxml:subfield>
    <marcxml:subfield code="q">(hardcover)</marcxml:subfield>
  </marcxml:datafield>
  <marcxml:datafield tag="035" ind1=" " ind2=" ">
    <marcxml:subfield code="a">(OCoLC)ocn964334842</marcxml:subfield>
  </marcxml:datafield>
  <marcxml:datafield tag="040" ind1=" " ind2=" ">
    <marcxml:subfield code="a">YDX</marcxml:subfield>
    <marcxml:subfield code="b">eng</marcxml:subfield>
    <marcxml:subfield code="c">YDX</marcxml:subfield>
    <marcxml:subfield code="e">rda</marcxml:subfield>
    <marcxml:subfield code="d">BTCTA</marcxml:subfield>
    <marcxml:subfield code="d">BDX</marcxml:subfield>
    <marcxml:subfield code="d">CHILD</marcxml:subfield>
    <marcxml:subfield code="d">OEM</marcxml:subfield>
    <marcxml:subfield code="d">JOZ</marcxml:subfield>
    <marcxml:subfield code="d">GO3</marcxml:subfield>
    <marcxml:subfield code="d">UOK</marcxml:subfield>
    <marcxml:subfield code="d">JNE</marcxml:subfield>
    <marcxml:subfield code="d">ZQP</marcxml:subfield>
    <marcxml:subfield code="d">T3B</marcxml:subfield>
    <marcxml:subfield code="d">FM0</marcxml:subfield>
    <marcxml:subfield code="d">CPL</marcxml:subfield>
    <marcxml:subfield code="d">CLE</marcxml:subfield>
    <marcxml:subfield code="d">ZAC</marcxml:subfield>
    <marcxml:subfield code="d">VAX</marcxml:subfield>
    <marcxml:subfield code="d">UAP</marcxml:subfield>
    <marcxml:subfield code="d">CHU</marcxml:subfield>
    <marcxml:subfield code="d">COO</marcxml:subfield>
    <marcxml:subfield code="d">ANK</marcxml:subfield>
    <marcxml:subfield code="d">IAC</marcxml:subfield>
    <marcxml:subfield code="d">FMF</marcxml:subfield>
    <marcxml:subfield code="d">M$K</marcxml:subfield>
    <marcxml:subfield code="d">KYC</marcxml:subfield>
    <marcxml:subfield code="d">TFW</marcxml:subfield>
    <marcxml:subfield code="d">JBO</marcxml:subfield>
    <marcxml:subfield code="d">B@L</marcxml:subfield>
    <marcxml:subfield code="d">ZVR</marcxml:subfield>
    <marcxml:subfield code="d">TXHLC</marcxml:subfield>
    <marcxml:subfield code="d">FLWMD</marcxml:subfield>
    <marcxml:subfield code="d">TCJ</marcxml:subfield>
    <marcxml:subfield code="d">T7X</marcxml:subfield>
    <marcxml:subfield code="d">CGP</marcxml:subfield>
    <marcxml:subfield code="d">KLP</marcxml:subfield>
    <marcxml:subfield code="d">LKC</marcxml:subfield>
    <marcxml:subfield code="d">CSA</marcxml:subfield>
    <marcxml:subfield code="d">TO9</marcxml:subfield>
    <marcxml:subfield code="d">YDX</marcxml:subfield>
    <marcxml:subfield code="d">NHP</marcxml:subfield>
    <marcxml:subfield code="d">VKC</marcxml:subfield>
    <marcxml:subfield code="d">GO6</marcxml:subfield>
    <marcxml:subfield code="d">OCLCQ</marcxml:subfield>
    <marcxml:subfield code="d">IDQ</marcxml:subfield>
    <marcxml:subfield code="d">OKS</marcxml:subfield>
    <marcxml:subfield code="d">DLC</marcxml:subfield>
  </marcxml:datafield>
  <marcxml:datafield tag="042" ind1=" " ind2=" ">
    <marcxml:subfield code="a">lccopycat</marcxml:subfield>
  </marcxml:datafield>
  <marcxml:datafield tag="043" ind1=" " ind2=" ">
    <marcxml:subfield code="a">n-us-il</marcxml:subfield>
  </marcxml:datafield>
  <marcxml:datafield tag="050" ind1="0" ind2="0">
    <marcxml:subfield code="a">HV6248.R574</marcxml:subfield>
    <marcxml:subfield code="b">C37 2017</marcxml:subfield>
  </marcxml:datafield>
  <marcxml:datafield tag="100" ind1="1" ind2=" ">
    <marcxml:subfield code="a">Carlson, David L.</marcxml:subfield>
    <marcxml:subfield code="c">(Cofounder of Opera-Matic),</marcxml:subfield>
    <marcxml:subfield code="e">author.</marcxml:subfield>
  </marcxml:datafield>
  <marcxml:datafield tag="245" ind1="1" ind2="4">
    <marcxml:subfield code="a">The hunting accident :</marcxml:subfield>
    <marcxml:subfield code="b">a true story of crime and poetry /</marcxml:subfield>
    <marcxml:subfield code="c">David L. Carlson, Landis Blair.</marcxml:subfield>
  </marcxml:datafield>
  <marcxml:datafield tag="250" ind1=" " ind2=" ">
    <marcxml:subfield code="a">First edition.</marcxml:subfield>
  </marcxml:datafield>
  <marcxml:datafield tag="264" ind1=" " ind2="1">
    <marcxml:subfield code="a">New York :</marcxml:subfield>
    <marcxml:subfield code="b">First Second,</marcxml:subfield>
    <marcxml:subfield code="c">[2017]</marcxml:subfield>
  </marcxml:datafield>
  <marcxml:datafield tag="300" ind1=" " ind2=" ">
    <marcxml:subfield code="a">437 pages :</marcxml:subfield>
    <marcxml:subfield code="b">illustrations (some color) ;</marcxml:subfield>
    <marcxml:subfield code="c">23 cm</marcxml:subfield>
  </marcxml:datafield>
  <marcxml:datafield tag="336" ind1=" " ind2=" ">
    <marcxml:subfield code="a">text</marcxml:subfield>
    <marcxml:subfield code="b">txt</marcxml:subfield>
    <marcxml:subfield code="2">rdacontent</marcxml:subfield>
  </marcxml:datafield>
  <marcxml:datafield tag="336" ind1=" " ind2=" ">
    <marcxml:subfield code="a">still image</marcxml:subfield>
    <marcxml:subfield code="b">sti</marcxml:subfield>
    <marcxml:subfield code="2">rdacontent</marcxml:subfield>
  </marcxml:datafield>
  <marcxml:datafield tag="337" ind1=" " ind2=" ">
    <marcxml:subfield code="a">unmediated</marcxml:subfield>
    <marcxml:subfield code="b">n</marcxml:subfield>
    <marcxml:subfield code="2">rdamedia</marcxml:subfield>
  </marcxml:datafield>
  <marcxml:datafield tag="338" ind1=" " ind2=" ">
    <marcxml:subfield code="a">volume</marcxml:subfield>
    <marcxml:subfield code="b">nc</marcxml:subfield>
    <marcxml:subfield code="2">rdacarrier</marcxml:subfield>
  </marcxml:datafield>
  <marcxml:datafield tag="505" ind1="0" ind2=" ">
    <marcxml:subfield code="a">The hunting accident -- Little Italy -- A young man's trouble with the law -- Code of silence -- The truth -- Nathan Leopold -- The darkness -- Plato's cave -- The inferno -- The übermensch -- Principles of sound -- The woods of the suicides -- Final exam -- The sins of the fathers -- The glim box -- The letter -- Purgatorio -- Paradiso.</marcxml:subfield>
  </marcxml:datafield>
  <marcxml:datafield tag="520" ind1=" " ind2=" ">
    <marcxml:subfield code="a">It was a hunting accident; that much Charlie is sure of. That's how his father, Matt Rizzo--a gentle intellectual who writes epic poems in Braille--had lost his vision. It's not until Charlie's troubled teenage years, when he's facing time for his petty crimes, that he learns the truth. Matt Rizzo was blinded by a shotgun blast to the face, but it was while participating in an armed robbery. Newly blind and without hope, Matt began his bleak new life at Stateville Prison. In this unlikely place, Matt's life and very soul were saved by one of America's most notorious killers, Nathan Leopold Jr., of the infamous Leopold and Loeb.</marcxml:subfield>
  </marcxml:datafield>
  <marcxml:datafield tag="600" ind1="1" ind2="0">
    <marcxml:subfield code="a">Rizzo, Matt,</marcxml:subfield>
    <marcxml:subfield code="d">1913-1987</marcxml:subfield>
    <marcxml:subfield code="v">Comic books, strips, etc.</marcxml:subfield>
  </marcxml:datafield>
  <marcxml:datafield tag="600" ind1="1" ind2="0">
    <marcxml:subfield code="a">Rizzo, Charlie</marcxml:subfield>
    <marcxml:subfield code="v">Comic books, strips, etc.</marcxml:subfield>
  </marcxml:datafield>
  <marcxml:datafield tag="600" ind1="1" ind2="0">
    <marcxml:subfield code="a">Leopold, Nathan Freudenthal,</marcxml:subfield>
    <marcxml:subfield code="d">1904-1971</marcxml:subfield>
    <marcxml:subfield code="v">Comic books, strips, etc.</marcxml:subfield>
  </marcxml:datafield>
  <marcxml:datafield tag="650" ind1=" " ind2="0">
    <marcxml:subfield code="a">Criminals</marcxml:subfield>
    <marcxml:subfield code="z">Illinois</marcxml:subfield>
    <marcxml:subfield code="z">Chicago</marcxml:subfield>
    <marcxml:subfield code="v">Biography</marcxml:subfield>
    <marcxml:subfield code="v">Comic books, strips, etc.</marcxml:subfield>
  </marcxml:datafield>
  <marcxml:datafield tag="650" ind1=" " ind2="0">
    <marcxml:subfield code="a">Children of criminals</marcxml:subfield>
    <marcxml:subfield code="z">Illinois</marcxml:subfield>
    <marcxml:subfield code="z">Chicago</marcxml:subfield>
    <marcxml:subfield code="v">Biography</marcxml:subfield>
    <marcxml:subfield code="v">Comic books, strips, etc.</marcxml:subfield>
  </marcxml:datafield>
  <marcxml:datafield tag="650" ind1=" " ind2="0">
    <marcxml:subfield code="a">Blind</marcxml:subfield>
    <marcxml:subfield code="z">United States</marcxml:subfield>
    <marcxml:subfield code="v">Biography</marcxml:subfield>
    <marcxml:subfield code="v">Comic books, strips, etc.</marcxml:subfield>
  </marcxml:datafield>
  <marcxml:datafield tag="650" ind1=" " ind2="0">
    <marcxml:subfield code="a">Prisoners</marcxml:subfield>
    <marcxml:subfield code="z">Illinois</marcxml:subfield>
    <marcxml:subfield code="z">Joliet</marcxml:subfield>
    <marcxml:subfield code="v">Comic books, strips, etc.</marcxml:subfield>
  </marcxml:datafield>
  <marcxml:datafield tag="650" ind1=" " ind2="0">
    <marcxml:subfield code="a">Family secrets</marcxml:subfield>
    <marcxml:subfield code="v">Comic books, strips, etc.</marcxml:subfield>
  </marcxml:datafield>
  <marcxml:datafield tag="650" ind1=" " ind2="0">
    <marcxml:subfield code="a">Fathers and sons</marcxml:subfield>
    <marcxml:subfield code="v">Comic books, strips, etc.</marcxml:subfield>
  </marcxml:datafield>
  <marcxml:datafield tag="650" ind1=" " ind2="0">
    <marcxml:subfield code="a">Robbery</marcxml:subfield>
    <marcxml:subfield code="z">Illinois</marcxml:subfield>
    <marcxml:subfield code="z">Chicago</marcxml:subfield>
    <marcxml:subfield code="v">Comic books, strips, etc.</marcxml:subfield>
  </marcxml:datafield>
  <marcxml:datafield tag="650" ind1=" " ind2="4">
    <marcxml:subfield code="a">People with disabilities.</marcxml:subfield>
  </marcxml:datafield>
  <marcxml:datafield tag="650" ind1=" " ind2="4">
    <marcxml:subfield code="a">Secrets.</marcxml:subfield>
  </marcxml:datafield>
  <marcxml:datafield tag="650" ind1=" " ind2="4">
    <marcxml:subfield code="a">Blind.</marcxml:subfield>
  </marcxml:datafield>
  <marcxml:datafield tag="650" ind1=" " ind2="4">
    <marcxml:subfield code="a">Graphic novels.</marcxml:subfield>
  </marcxml:datafield>
  <marcxml:datafield tag="655" ind1=" " ind2="7">
    <marcxml:subfield code="a">Graphic novels.</marcxml:subfield>
    <marcxml:subfield code="2">lcgft</marcxml:subfield>
  </marcxml:datafield>
  <marcxml:datafield tag="655" ind1=" " ind2="7">
    <marcxml:subfield code="a">True crime comics.</marcxml:subfield>
    <marcxml:subfield code="2">lcgft</marcxml:subfield>
  </marcxml:datafield>
  <marcxml:datafield tag="655" ind1=" " ind2="7">
    <marcxml:subfield code="a">Biographical comics.</marcxml:subfield>
    <marcxml:subfield code="2">lcgft</marcxml:subfield>
  </marcxml:datafield>
  <marcxml:datafield tag="655" ind1=" " ind2="7">
    <marcxml:subfield code="a">Comics (Graphic works)</marcxml:subfield>
    <marcxml:subfield code="2">lcgft</marcxml:subfield>
  </marcxml:datafield>
  <marcxml:datafield tag="700" ind1="1" ind2=" ">
    <marcxml:subfield code="a">Blair, Landis,</marcxml:subfield>
    <marcxml:subfield code="e">illustrator.</marcxml:subfield>
  </marcxml:datafield>
  <marcxml:datafield tag="955" ind1=" " ind2=" ">
    <marcxml:subfield code="a">pc12 2016-12-02</marcxml:subfield>
  </marcxml:datafield>
  <marcxml:datafield tag="963" ind1=" " ind2=" ">
    <marcxml:subfield code="a">Perry Minella; phone: (646) 3075774; email: perry.minella@roaringbrookpress.com; bc: perry.minella@roaringbrookpress.com</marcxml:subfield>
  </marcxml:datafield>
</marcxml:record>
